@article{rae2014,
	author		= {Real Academia Española},
	title		= {La Academia entrega la 23.ª edición del DRAE, que se publicará en octubre},
	year		= {2014},
	journal		= {Diccionario de la lengua española},
	url			= {https://www.rae.es},
	note		= {Consultado el 27 de junio de 2024}
}

@book{compi2008,
    author 		= {Alfred V. Aho and Monica S. Lam and Ravi Sethi and Jeffrey D. Ullman},
    title 		= {Compiladores. Principios, técnicas y herramientas},
    publisher 	= {Pearson PLC},
    year 		= {2008}
}